@standard{opencl,
    author       = "{Khronos Group Inc.}",
    title        = "{The OpenCL Specification}",
    organization = {Khronos Group Inc.},
    language     = "English",
    year         = "2009",
    month        = "june"
}

@online{rich2015how,
    author      = "Rich Brueckner",
    title       = "How OpenCL Could Open the Gates for FPGAs",
    url         = "http://insidehpc.com/2015/02/how-opencl-could-open-the-gates-for-fpgas/",
    month  = "feb",
    year   = "2015"
}

@book{adams1995hitchhiker,
  title={The Hitchhiker's Guide to the Galaxy},
  author={Adams, D.},
  isbn={9781417642595},
  url={http://books.google.com/books?id=W-xMPgAACAAJ},
  year={1995},
  publisher={San Val}
}


